% Bibliografi

@incollection{cuoc96,
    author = "A. Cuoco and E. Goldenberg and J. Mark",
    title = "Habits of {M}ind: {A}n {O}rganizing {P}rinciple for {M}athematics {C}urricula",
    year = "1996",
    pages = "375--402",
    publisher = "{J}ournal of {M}athematical {B}ehavior"}

@incollection{klet13,
    author  = "Kirsti Klette",
    editor  = "R. Krumsvik and R. Säljö",
    title   = "Hva vet vi om god undervisning ?. {R}apport fra klasseromforskningen",
    booktitle = "Praktisk pedagogisk utdanning. {E}n antologi.",
    year = "2013",
    pages = "173--200",
    publisher = "Fagbokforlaget"}

@incollection{olma15,
    author  = "A. Olafsen and M. Maugesten",
    booktitle = "Matematikkdidatikk i klasserommet",
    year = "2015",
    publisher = "Universitetsforlaget"}

@incollection{batp08,
    author = "D. Ball and M. Thames and G. Phelps",
    title = "{C}ontent {K}nowledge for {T}eaching. {W}hat {M}akes {I}t {S}pecial?",
    pages = "389-407",
    booktitle = "Journal of {T}eacher {E}ducation",
    edition = "5",
    year = "2008"}

@incollection{weos01,
    author = "J. Wellington and J. Osborne",
    title = "Discussion in school science: learning science through talking",
    pages = "82--102",
    booktitle = "Language and {L}iteracy in {S}cience {E}ducation",
    year = "2001",
    publisher = "Open University Press"}

@incollection{ogd09,
  author  = "Terje Ogden",
  editor  = "T. Ogden",
  title   = "Undervisnings- og klasseledelse",
  booktitle = "Sosial kompetanse og problemadferd i skolen",
  year = "2009",
  pages = "123--166",
  isbn = 9788205391765,
  publisher = "Gylendal {A}kademisk"}

@incollection{mang13,
  author  = "Terje Manger",
  editor  = "R. Krumsvik and R. Säljö",
  title   = "Motivasjon for skulearbeid",
  booktitle = "Praktisk pedagogisk utdanning. {E}n antologi",
  year = "2013",
  pages = "145--169",
  publisher = "Fagbokforlaget"}

@incollection{rogs13,
  author  = "Roger Säljö",
  editor  = "R. Krumsvik and R. Säljö",
  title   = "Støtte til læring-tradisjoner og perspektiver",
  booktitle = "Praktisk pedagogisk utdanning. {E}n antologi",
  year = "2013",
  pages = "53--79",
  publisher = "Fagbokforlaget"}

@incollection{ole93,
  author  = "Ole Björkqvist",
  title   = "Social konstruktivism som grund för matematikundervisning",
  booktitle = "Nordisk {M}atematikkdidaktikk",
  year = "1993",
  pages = "8--12",
  publisher = "föreningen {N}ordisk {M}atematikkdidaktikk"}

@misc{spr02,
  author = "J. Spreemann",
  title = "Motivasjon - {S}elvakseptering - {S}elvrealisering",
  howpublished = "\url{http://studorg.uv.uio.no/pedagogiskprofil/05_04_02.html}",
  year = "2002", 
  note = "Aksessert på internett 12.11.2016"
}

@incollection{bta98,
  author  = "I. Bråten and M. Thurmann and C. Anne",
  editor  = "I. Bråten",
  title   = "Den nærmeste utviklingssonen som utgangspunkt for pedagogisk praksis",
  booktitle = "Vygotsky i pedagogikken",
  year = "1998",
  pages = "123--143",
  isbn = 9788245600735,
  publisher = "Cappelen {A}kademisk {F}orlag"}


@incollection{odeg10,
  author = "M. Ødegaard and N. Arnesen",
  title = "{H}va skjer i naturfagklasserommet? – resultater fra en videobasert klasseromsstudie; 
           PISA+",
  publisher = "{N}ordic {S}tudies in {S}cience {E}ducation",
  year = "2010"}

@book{meli07,
  author  = "N. Mercer and K. Littleton",
  title   = "Dialogue and the {D}evelopment of {C}hildren's {T}hinking",
  year = "2007",
  publisher = "Routledge"}

@incollection{solv92,
  author  = "Rangnar Solvang",
  title   = "Kunnskaps- og forståelsestyper i matematikklæringen",
  booktitle = "Matematikk-didatikk",
  year = "1992",
  pages = "75--105",
  publisher = "N{K}{I}-{F}orlaget"}

@incollection{dals94,
  author = "R. Driver and H. Asoko and J. Leach and P. Scott and E. Mortimer",
  title = "{C}onstructing {S}cientific {K}nowledge in the {C}lassroom",
  publisher = "{E}ducational {R}esearcher",
  year = "1994"}

@incollection{math15,
  author = "Nora Mathé",
  title = "Begrepsforståelse i samfunnsfag: {H}va vil vi med begrepene?",
  booktitle = "Bedre {S}kole",
  pages = "68--72",
  edition = "1",
  year = "2015"}

@misc{mcl08,
  author = "A. S. McLeod",
  title = "Bruner",
  howpublished = "\url{http://www.simplypsychology.org/bruner.html}",
  year = "2008", 
  note = "Aksessert på internett 14.11.2016"
}

@misc{ungd15,
  author = "{NOVA rapport}",
  title = "Ungdata nasjonale resultater 2014",
  howpublished = "\url{http://www.hioa.no/Om-HiOA/Senter-for-velferds-og-arbeidslivsforskning/NOVA/Publikasjonar/Rapporter/2015/Ungdata.-Nasjonale-resultater-2014}",
  year = "2015", 
  note = "Aksessert på internett 10.11.2016"}