%%%%%%%%%%%%% incollection %%%%%%%%%%%%%

@incollection{klet13,
	author  = "Kirsti Klette",
	editor  = "R. Krumsvik and R. Säljö",
	title   = "Hva vet vi om god undervisning ?. {R}apport fra klasseromforskningen",
	booktitle = "Praktisk pedagogisk utdanning. {E}n antologi.",
	year = "2013",
	pages = "173--200",
	isbn = "9788245012804",
	publisher = "Fagbokforlaget"
}

@incollection{bta98,
  author  = "I. Bråten and M. Thurmann and C. Anne",
  editor  = "I. Bråten",
  title   = "Den nærmeste utviklingssonen som utgangspunkt for pedagogisk praksis",
  booktitle = "Vygotsky i pedagogikken",
  year = "1998",
  pages = "123--143",
  isbn = "9788245600735",
  publisher = "Cappelen {A}kademisk {F}orlag"
}

@incollection{smit09,
  author  = "Kari Smith",
  editor  = "S. Dobsen and A. B. Eggen and K. Smith",
  title   = "Samspillet mellom vurdering og motivasjon",
  booktitle = "{V}urdering, prinsipper og praksis. {N}ye perspektiver på elev- og læringsvurdering.",
  year = "2009",
  pages = "23--29",
  isbn = "9788205391734",
  publisher = "Gyldendal {A}kademisk"
}

@incollection{furr12,
  author  = "A. Furberg and I. Rasmussen",
  editor  = "T. Hauge and A. Lund",
  title   = "Faktaorientering og forståelsesorientering i elevers bruk av nettbaserte 
             læringsomgivelser",
  booktitle = "Små skritt eller store sprang?. {O}m digitale tilstander i skolen",
  year = "2012",
  pages = "23--57",
  isbn = 9788202364380,
  publisher = "Cappelen {A}kademisk {F}orlag"
}

@incollection{will10,
  author  = "Dylan William",
  editor  = "H. Dumont and D. Istance and F. Benavides",
  title   = "The {R}ole of {F}ormative {A}ssessments in {E}ffective {L}earning {E}nvironments",
  booktitle = "{T}he {N}ature og {L}earning. {U}sing {R}esearch to {I}nspire {P}ractice.",
  year = "2010",
  pages = "153--159",
  isbn = "9789264086470",
  publisher = "{O}{E}{C}{D} {P}ublishing"
}

@incollection{engh11,
  author  = "Roar Engh",
  title   = "Tilpasset opplæring og elevvurdering",
  booktitle = "{V}urdering for læring i skolen. {P}å vei mot en bærekraftig vurderingskultur",
  year = "2011",
  pages = "160--166",
  isbn = "9788276349450",
  publisher = "Høyskoleforlaget"
}

@incollection{brbl14,
  author  = "L. Brevik and M. Blikstad-Balas",
  editor  = "E. Elstad and K.  Helstad",
  title   = "'{B}lir dette vurdert lærer?'. {O}m vurdering for læring i klasserommet",
  booktitle = "Profesjonsutvikling i skolen",
  year = "2014",
  pages = "1--13",
  publisher = "Universitetsforlaget"
}

@incollection{tang10,
  author  = "Reidun Tangen",
  editor  = "J. Buli-Jolmberg and S. Nilsen",
  title   = "{E}levsamtalens betydning for tilpasset opplæring",
  booktitle = "{K}valitetsutvikling i tilpasset opplæring og spesialundervisning. {O}m forbedring av opplæringen for     
               barn og unge med særskilte behov.",
  year = "2010",
  pages = "94--106",
  publisher = "Universitetsforlaget"
}

@incollection{foss14,
  author  = "B. O. Fosse",
  editor  = "I. J. H. Stray & L. Wittek",
  title   = "{U}ndersøgelseslandskaber",
  booktitle = "{P}edagogikk – en grunnbok",
  year = "2014",
  pages = "skriv side tall",
  publisher = "Cappelen Damm Akademisk"
}

@incollection{nils12,
  author = "V. Nilssen and I. Ristesund",
  title = "{Å} få tak i elevers begrepsforståelse - en viktig del av lærerarbeid, en utfordring for 
           lærerstudenten",
  pages = "73--90",
  booktitle = "Tidsskriftet {F}o{U} i praksis",
  edition = "2",
  year = "2012"
}

@incollection{kols09,
  author = "S. Kolstø",
  title = "{V}ektlegging av lesing i naturfaget. Del 1: Vil den nye norske læreplanen i naturfag øke 
           elevenes lesekompetanse?",
  publisher = "{N}ordic {S}tudies in {S}cience {E}ducation",
  year = "2009"
}

%%%%%%%%%%%%% Books %%%%%%%%%%%%%

@book{sjob04,
  author  = "Svein Sjøberg",
  title   = "Naturfag som allmenndannelse",
  year = "2004",
  publisher = "Gylendal {A}kademisk"
}

@book{knai11,
  author  = "E. Knain and S. Kolstø",
  title   = "Elever som forskere i naturfag",
  year = "2011",
  isbn = 9788215017334,
  publisher = "Universitetsforlaget"
}

@book{hatt09,
  author = "John Hattie",
  title = "{V}isble learning. A synthesis of over 800 meta-analyses relating to achievement",
  publisher = "Routledge",
  year = "2009"
}

@book{hell07,
  author = "Lars Helle",
  title = "{L}æringsrettet vurdering",
  publisher = "Universitetsforlaget",
  year = "2007"
}

@book{klor04,
  author  = "M. Kjærnsli and S. Lie and R. Olsen and A. Roe and A. Turmo",
  title   = "Rett spor eller ville veier? {N}orske elevers prestasjoner i matematikk, naturfag og lesing i 
             {P}{I}{S}{A} 2003",
  year = "2004"
}

%%%%%%%%%%%%%% Misc %%%%%%%%%%%%%%

@misc{ludv15,
  author = "Utdanningsdirektoratet",
  title = "NOU 2015: 8. {F}remtidens skole. {F}ornyelse av fag og kompetanser",
  howpublished = "\url{https://nettsteder.regjeringen.no/fremtidensskole/nou-2015-8/}",
  year = "2015", 
  note = "Aksessert på internett 06.05.2017"
}

@misc{udir,
  author = "Utdanningsdirektoratet",
  title = "Grunnleggende ferdigheter i naturfag",
  howpublished = "\url{http://www.udir.no/kl06/NAT1-03/Hele/Grunnleggende_ferdigheter}",
  year = "2015", 
  note = "Aksessert på internett 31.05.2017"
}

@misc{hoff13,
  author = "Thomas Hoffmann",
  title = "Hva kan vi bruke kvalitativ forskning til?",
  howpublished = "\url{http://forskning.no/sosiologi/2013/09/hva-kan-vi-bruke-kvalitativ-forskning-til}",
  year = "2013", 
  note = "Aksessert på internett 10.05.2017"
}

@incollection{weos01,
    author = "J. Wellington and J. Osborne",
    title = "Discussion in school science: learning science through talking",
    pages = "82--102",
    booktitle = "Language and {L}iteracy in {S}cience {E}ducation",
    year = "2001",
    publisher = "Open University Press"
}

@incollection{odeg10,
  author = "M. Ødegaard and N. Arnesen",
  title = "{H}va skjer i naturfagklasserommet? – resultater fra en videobasert klasseromsstudie; 
           {P}{I}{S}{A}+",
  publisher = "{N}ordic {S}tudies in {S}cience {E}ducation",
  year = "2010"
}

@incollection{mang13,
  author  = "Terje Manger",
  editor  = "R. Krumsvik and R. Säljö",
  title   = "Motivasjon for skulearbeid",
  booktitle = "Praktisk pedagogisk utdanning. {E}n antologi",
  year = "2013",
  pages = "145--169",
  publisher = "Fagbokforlaget"
}

@incollection{salj13,
  author  = "Roger Säljö",
  editor  = "R. Krumsvik and R. Säljö",
  title   = "Støtte til læring-tradisjoner og perspektiver",
  booktitle = "Praktisk pedagogisk utdanning. {E}n antologi",
  year = "2013",
  pages = "53--79",
  publisher = "Fagbokforlaget"
}

@incollection{dals94,
  author = "R. Driver and H. Asoko and J. Leach and P. Scott and E. Mortimer",
  title = "{C}onstructing {S}cientific {K}nowledge in the {C}lassroom",
  publisher = "{E}ducational {R}esearcher",
  year = "1994"
}

@incollection{bta98,
  author  = "I. Bråten and M. Thurmann and C. Anne",
  editor  = "I. Bråten",
  title   = "Den nærmeste utviklingssonen som utgangspunkt for pedagogisk praksis",
  booktitle = "Vygotsky i pedagogikken",
  year = "1998",
  pages = "123--143",
  isbn = "9788245600735",
  publisher = "Cappelen {A}kademisk {F}orlag"
}

@book{meli07,
  author  = "N. Mercer and K. Littleton",
  title   = "Dialogue and the {D}evelopment of {C}hildren's {T}hinking",
  year = "2007",
  publisher = "Routledge"
}
