%%%%%%%%%%%%% incollection %%%%%%%%%%%%%

@incollection{klet13,
	author  = "Kirsti Klette",
	editor  = "R. Krumsvik and R. Säljö",
	title   = "Hva vet vi om god undervisning ?. {R}apport fra klasseromforskningen",
	booktitle = "Praktisk pedagogisk utdanning. {E}n antologi.",
	year = "2013",
	pages = "173--200",
	isbn = 9788245012804,
	publisher = "Fagbokforlaget"
}

@incollection{bta98,
  author  = "I. Bråten and M. Thurmann and C. Anne",
  editor  = "I. Bråten",
  title   = "Den nærmeste utviklingssonen som utgangspunkt for pedagogisk praksis",
  booktitle = "Vygotsky i pedagogikken",
  year = "1998",
  pages = "123--143",
  isbn = 9788245600735,
  publisher = "Cappelen {A}kademisk {F}orlag"
}


%%%%%%%%%%%%% Books %%%%%%%%%%%%%

@book{hatt12,
  author = "John Hattie",
  title = "{V}isble learning for teachers: {M}aximizing impact on learning",
  publisher = "Routledge",
  year = "2012"
}

@book{klor04,
  author  = "M. Kjærnsli and S. Lie and R. Olsen and A. Roe and A. Turmo",
  title   = "Rett spor eller ville veier? {N}orske elevers prestasjoner i matematikk, naturfag og 
             lesing i PISA 2003",
  year = "2004"
}

@book{imse08,
  author  = "Gunn Imsen",
  title   = "Elevens verden. {I}nnføring i pedagogisk psykologi",
  year = "2008",
  publisher = "Universitetsforlaget"
}

%%%%%%%%%%% Article %%%%%%%%%%%%%



%%%%%%%%%%%%%% Misc %%%%%%%%%%%%%%
@misc{ludv15,
  author = "{NOU 2015:8 \guillemotleft Fremtidens skole\guillemotright}",
  title = "NOU 2015: 8. {F}remtidens skole. {F}ornyelse av fag og kompetanser",
  howpublished = "\url{https://nettsteder.regjeringen.no/fremtidensskole/nou-2015-8/}",
  year = "2015", 
  note = "Aksessert på internett 06.05.2017"
}

@misc{udir,
  author = "Utdanningsdirektoratet",
  title = "Grunnleggende ferdigheter i matematikk",
  howpublished = "\url{https://www.udir.no/kl06/MAT1-04/Hele/Grunnleggende_ferdigheter}",
  year = "2015", 
  note = "Aksessert på internett 06.05.2017"
}

@misc{spr02,
  author = "J. Spreemann",
  title = "Motivasjon - {S}elvakseptering - {S}elvrealisering",
  howpublished = "\url{http://studorg.uv.uio.no/pedagogiskprofil/05_04_02.html}",
  year = "2002", 
  note = "Aksessert på internett 12.11.2016"
}


% Bibliografi

@incollection{cuoc96,
    author = "A. Cuoco and E. Goldenberg and J. Mark",
    title = "Habits of {M}ind: {A}n {O}rganizing {P}rinciple for {M}athematics {C}urricula",
    year = "1996",
    pages = "375--402",
    publisher = "{J}ournal of {M}athematical {B}ehavior"
}

@incollection{olma15,
    author  = "A. Olafsen and M. Maugesten",
    booktitle = "Matematikkdidatikk i klasserommet",
    year = "2015",
    publisher = "Universitetsforlaget"
}

@incollection{batp08,
    author = "D. Ball and M. Thames and G. Phelps",
    title = "{C}ontent {K}nowledge for {T}eaching. {W}hat {M}akes {I}t {S}pecial?",
    pages = "389-407",
    booktitle = "Journal of {T}eacher {E}ducation",
    edition = "5",
    year = "2008"
}

@incollection{mang13,
  author  = "Terje Manger",
  editor  = "R. Krumsvik and R. Säljö",
  title   = "Motivasjon for skulearbeid",
  booktitle = "Praktisk pedagogisk utdanning. {E}n antologi",
  year = "2013",
  pages = "145--169",
  publisher = "Fagbokforlaget"
}

@incollection{rogs13,
  author  = "Roger Säljö",
  editor  = "R. Krumsvik and R. Säljö",
  title   = "Støtte til læring-tradisjoner og perspektiver",
  booktitle = "Praktisk pedagogisk utdanning. {E}n antologi",
  year = "2013",
  pages = "53--79",
  publisher = "Fagbokforlaget"
}

@incollection{ole93,
  author  = "Ole Björkqvist",
  title   = "Social konstruktivism som grund för matematikundervisning",
  booktitle = "Nordisk {M}atematikkdidaktikk",
  year = "1993",
  pages = "8--12",
  publisher = "föreningen {N}ordisk {M}atematikkdidaktikk"
}

@incollection{bta98,
  author  = "I. Bråten and M. Thurmann and C. Anne",
  editor  = "I. Bråten",
  title   = "Den nærmeste utviklingssonen som utgangspunkt for pedagogisk praksis",
  booktitle = "Vygotsky i pedagogikken",
  year = "1998",
  pages = "123--143",
  isbn = 9788245600735,
  publisher = "Cappelen {A}kademisk {F}orlag"
}

@book{meli07,
  author  = "N. Mercer and K. Littleton",
  title   = "Dialogue and the {D}evelopment of {C}hildren's {T}hinking",
  year = "2007",
  publisher = "Routledge"
}

@incollection{solv92,
  author  = "Rangnar Solvang",
  title   = "Kunnskaps- og forståelsestyper i matematikklæringen",
  booktitle = "Matematikk-didatikk",
  year = "1992",
  pages = "75--105",
  publisher = "N{K}{I}-{F}orlaget"
}