%%%%%%%%%%%%% Books %%%%%%%%%%%%%

@incollection{klet13,
	author  = "Kirsti Klette",
  editor  = "R. J. Krumsvik and R. Säljö ",
	title   = "Hva vet vi om god undervisning ?. {R}apport fra klasseromforskningen}",
  booktitle = "Praktisk pedagogisk utdanning. {E}n antologi.",
	year = "2013",
  page = "173--200",
	isbn = 9788245012804,
	publisher = "Bergen : Fagbokforlaget"}

@incollection{rogs13,
    author  = "Roger Säljö",
    editor  = "R. J. Krumsvik and R. Säljö ",
    title   = "Støtte til læring-tradisjoner og perspektiver",
    booktitle = "Praktisk pedagogisk utdanning. {E}n antologi.",
    year = "2013",
    page = "53--79",
    isbn = 9788245012804,
    publisher = "Bergen : Fagbokforlaget"}

@book{knai11,
    author  = "E. Knain and S. D. Kolstø",
    title   = "Elever som forskere i naturfag",
    year = "2011",
    isbn = 9788215017334,
    publisher = "Universitetsforlaget"}

@book{roen15,
    author  = "G. Roen",
    title   = "Begrepene i naturfag : Hvordan arbeider lærere med naturfaglige begreper gjennom dialog, lesing og skriving for å legge til rette for elevenes 
               forståelse av naturfagtekster?",
    year = "2015",
    note = "Masteroppgave"}

@book{klor04,
    author  = "M. Kjærnsli, S. Lie, R. Olsen, A. Roe, A. Turmo",
    title   = "Rett spor eller ville veier? Norske elevers prestasjoner i matematikk, naturfag og lesing i PISA 2003",
    year = "2004"}

%%%%%%%%%%% Article %%%%%%%%%%%%%

@article{klal13,
	author = "K. Klette and O. -K. Bergem and A. Roe",
	title = "{V}ideoes as {L}enses into {C}lassroom {L}earning",
  journal = "Universitetsforlaget",
	year = "2013"}

@article{nils12,
  author = "V. Nilssen and I. Ristesund",
  title = "{Å} få tak i elevers begrepsforståelse",
  journal = "Tidsskriftet FoU i praksis",
  year = "2012"}

@article{odeg10,
  author = "M. Ødegaard and N. Arnesen",
  title = "{H}va skjer i naturfagklasserommet? – resultater fra en videobasert klasseromsstudie; PISA+",
  journal = "Nordic Studies in Science Education",
  year = "2010"}

@article{dals94,
  author = "R. Driver and H. Asoko and J. Leach and P. Scott and E. Mortimer",
  title = "{C}onstructing {S}cientific {K}nowledge in the {C}lassroom",
  journal = "{E}ducational {R}esearcher",
  year = "1994"}

@article{kols09,
  author = "S. D. Kolstø",
  title = "{V}ektlegging av lesing i naturfaget. Del 1: Vil den nye norske læreplanen i naturfag øke elevenes lesekompetanse?",
  journal = "Nordic Studies in Science Education",
  year = "2009"}

%%%%%%%%%% Misc   %%%%%%%%%

@misc{ungd15,
  author = "{NOVA rapport}",
  title = "Ungdata nasjonale resultater 2014",
  howpublished = 
  "\url{http://www.hioa.no/Om-HiOA/Senter-for-velferds-og-arbeidslivsforskning/NOVA/Publikasjonar/Rapporter/2015/Ungdata.-Nasjonale-resultater-2014}",
  year = "2015", 
  note = "Aksessert på internett 10.11.2016"
}

@misc{ludv15,
  author = "{Ludvigsen-utvalget}",
  title = "NOU 2015: 8. {F}remtidens skole. {F}ornyelse av fag og kompetanser",
  howpublished = "\url{https://nettsteder.regjeringen.no/fremtidensskole/nou-2015-8/}",
  year = "2015", 
  note = "Aksessert på internett 13.11.2016"
}